<record xmlns='http://www.loc.gov/MARC21/slim'><leader>02261cam a2200577 a 4500</leader><controlfield tag='005'>20180927101302.0</controlfield><controlfield tag='008'>820930s1951    maua     b    00010 eng  </controlfield><controlfield tag='001'>991010603039703811</controlfield><datafield ind1=' ' ind2=' ' tag='010'><subfield code='a'>62005866</subfield></datafield><datafield ind1=' ' ind2=' ' tag='035'><subfield code='a'>(PPT)b12164719-01tuli_inst</subfield></datafield><datafield ind1=' ' ind2=' ' tag='035'><subfield code='a'>(CStRLIN)ocn471143422</subfield><subfield code='9'>ExL</subfield></datafield><datafield ind1=' ' ind2=' ' tag='035'><subfield code='a'>PATG82-B17309</subfield></datafield><datafield ind1=' ' ind2=' ' tag='035'><subfield code='a'>ocm01912841</subfield></datafield><datafield ind1=' ' ind2=' ' tag='035'><subfield code='a'>(OCLC)ocm01912841</subfield></datafield><datafield ind1=' ' ind2=' ' tag='040'><subfield code='c'>C</subfield><subfield code='d'>C</subfield><subfield code='d'>CStRLIN</subfield><subfield code='d'>DNGA</subfield><subfield code='d'>PPT</subfield></datafield><datafield ind1=' ' ind2=' ' tag='079'><subfield code='a'>ocm01912841</subfield></datafield><datafield ind1=' ' ind2=' ' tag='090'><subfield code='a'>Z250.A2U6 1937</subfield></datafield><datafield ind1='1' ind2=' ' tag='100'><subfield code='a'>Updike, Daniel Berkeley,</subfield><subfield code='d'>1860-1941.</subfield></datafield><datafield ind1='1' ind2='0' tag='245'><subfield code='a'>Printing types :</subfield><subfield code='b'>their history, forms and use ; a study in survivals /</subfield><subfield code='c'>by Daniel Berkeley Updike.</subfield></datafield><datafield ind1=' ' ind2=' ' tag='250'><subfield code='a'>2d ed.</subfield></datafield><datafield ind1=' ' ind2=' ' tag='260'><subfield code='a'>Cambridge, Mass. :</subfield><subfield code='b'>Harvard University Press,</subfield><subfield code='c'>1951.</subfield></datafield><datafield ind1=' ' ind2=' ' tag='300'><subfield code='a'>2 v. :</subfield><subfield code='b'>ill. ;</subfield><subfield code='c'>24 cm.</subfield></datafield><datafield ind1=' ' ind2=' ' tag='500'><subfield code='a'>Based on lectures delivered as part of a course on the technique of printing in the Graduate School of Business Administration of Harvard University during the years 1911-1916. cf. Pref.</subfield></datafield><datafield ind1=' ' ind2=' ' tag='500'><subfield code='a'>&quot;Chronological list of specimens &quot;: v. 2, p. 297-298.</subfield></datafield><datafield ind1=' ' ind2=' ' tag='500'><subfield code='a'>Second edition, second printing.</subfield></datafield><datafield ind1=' ' ind2=' ' tag='500'><subfield code='a'>Includes index.</subfield></datafield><datafield ind1=' ' ind2=' ' tag='504'><subfield code='a'>Bibliographical references included in  &quot;Supplementary Notes&quot; (v. 1 and 2)</subfield></datafield><datafield ind1=' ' ind2=' ' tag='561'><subfield code='a'>RARE copy from the Richard Williamson Ellis collection.</subfield></datafield><datafield ind1=' ' ind2=' ' tag='590'><subfield code='a'>RARE copy has dust jacket.</subfield></datafield><datafield ind1=' ' ind2='0' tag='650'><subfield code='a'>Type and type-founding.</subfield></datafield><datafield ind1=' ' ind2='0' tag='650'><subfield code='a'>Printing</subfield><subfield code='x'>History.</subfield></datafield><datafield ind1=' ' ind2='0' tag='650'><subfield code='a'>Printing</subfield><subfield code='x'>Specimens.</subfield></datafield><datafield ind1='1' ind2=' ' tag='700'><subfield code='a'>Ellis, Richard W.</subfield><subfield code='q'>(Richard Williamson),</subfield><subfield code='d'>1895-1982,</subfield><subfield code='e'>former owner.</subfield><subfield code='5'>PPT</subfield></datafield><datafield ind1=' ' ind2=' ' tag='902'><subfield code='a'>160311</subfield></datafield><datafield ind1=' ' ind2=' ' tag='907'><subfield code='a'>.b12164719</subfield><subfield code='b'>multi</subfield><subfield code='c'>-</subfield></datafield><datafield ind1=' ' ind2=' ' tag='935'><subfield code='a'>00231513</subfield></datafield><datafield ind1=' ' ind2=' ' tag='945'><subfield code='l'>kstk </subfield><subfield code='u'>v.v.1</subfield><subfield code='g'>1</subfield></datafield><datafield ind1=' ' ind2=' ' tag='945'><subfield code='l'>kstk </subfield><subfield code='u'>v.v.2</subfield><subfield code='g'>1</subfield></datafield><datafield ind1=' ' ind2=' ' tag='945'><subfield code='l'>srare</subfield><subfield code='u'>v.v.1</subfield><subfield code='g'>1</subfield></datafield><datafield ind1=' ' ind2=' ' tag='945'><subfield code='l'>srare</subfield><subfield code='a'>Z250.A2U6 1951 Ellis</subfield><subfield code='u'>v.v.1</subfield><subfield code='g'>1</subfield></datafield><datafield ind1=' ' ind2=' ' tag='945'><subfield code='l'>srare</subfield><subfield code='a'>Z250.A2U6 1951 Ellis</subfield><subfield code='u'>v.v.2</subfield><subfield code='g'>1</subfield></datafield><datafield ind1=' ' ind2=' ' tag='950'><subfield code='l'>P</subfield><subfield code='h'>08/22/95 N</subfield></datafield><datafield ind1=' ' ind2=' ' tag='950'><subfield code='l'>RARE</subfield><subfield code='a'>Z250.A2</subfield><subfield code='b'>U6 1951 Ellis</subfield><subfield code='h'>08/22/95 N  655:SL</subfield></datafield><datafield ind1=' ' ind2=' ' tag='955'><subfield code='l'>P</subfield><subfield code='c'>0:v.1</subfield><subfield code='h'>08/22/95 C</subfield></datafield><datafield ind1=' ' ind2=' ' tag='955'><subfield code='l'>P</subfield><subfield code='c'>0:v.2</subfield><subfield code='h'>08/22/95 C</subfield></datafield><datafield ind1=' ' ind2=' ' tag='955'><subfield code='l'>RARE</subfield><subfield code='c'>0:v.1</subfield><subfield code='s'>ref</subfield><subfield code='r'>39074010165819</subfield><subfield code='h'>08/22/95 C</subfield></datafield><datafield ind1=' ' ind2=' ' tag='955'><subfield code='l'>RARE</subfield><subfield code='c'>0:v.2</subfield><subfield code='s'>ref</subfield><subfield code='r'>39074010165868</subfield><subfield code='h'>08/22/95 C</subfield></datafield><datafield ind1='0' ind2='8' tag='974'><subfield code='t'>Rare Books</subfield></datafield><datafield ind1=' ' ind2=' ' tag='979'><subfield code='a'>ocm01912841</subfield></datafield><datafield ind1=' ' ind2=' ' tag='998'><subfield code='b'>5</subfield><subfield code='c'>990101</subfield><subfield code='d'>m</subfield><subfield code='e'>a</subfield><subfield code='f'>-</subfield><subfield code='g'>0</subfield></datafield><datafield ind1=' ' ind2=' ' tag='998'><subfield code='a'>05/28/96</subfield><subfield code='t'>c</subfield><subfield code='s'>9117</subfield><subfield code='l'>PATG</subfield><subfield code='n'>PPT</subfield><subfield code='w'>PATG82B17309</subfield><subfield code='d'>09/30/82</subfield><subfield code='c'>MW</subfield><subfield code='b'>MD</subfield><subfield code='h'>820930</subfield></datafield><datafield ind1=' ' ind2=' ' tag='ADM'><subfield code='b'>2019-02-23 08:27:27</subfield><subfield code='e'>b12164719-01tuli_inst</subfield><subfield code='d'>ILS</subfield><subfield code='a'>2017-06-20 12:28:23</subfield><subfield code='c'>false</subfield></datafield><datafield ind1='0' ind2=' ' tag='HLD'><subfield code='b'>SCRC</subfield><subfield code='c'>rarestacks</subfield><subfield code='h'>Z250.A2U6 1937</subfield><subfield code='8'>22318429450003811</subfield></datafield><datafield ind1='0' ind2=' ' tag='HLD'><subfield code='b'>KARDON</subfield><subfield code='c'>p_remote</subfield><subfield code='h'>Z250.A2U6 1937</subfield><subfield code='8'>22318429410003811</subfield></datafield><datafield ind1=' ' ind2=' ' tag='ITM'><subfield code='r'>22318429410003811</subfield><subfield code='b'>0</subfield><subfield code='u'>HOLDSHELF</subfield><subfield code='h'>0</subfield><subfield code='g'>p_remote</subfield><subfield code='t'>BOOK</subfield><subfield code='9'>39074007622079</subfield><subfield code='e'>p_remote</subfield><subfield code='8'>23318429380003811</subfield><subfield code='c'>v.2</subfield><subfield code='a'>0</subfield><subfield code='q'>2017-06-20 12:28:23</subfield><subfield code='i'>Z250.A2U6 1937</subfield><subfield code='d'>KARDON</subfield><subfield code='f'>KARDON</subfield></datafield><datafield ind1=' ' ind2=' ' tag='ITM'><subfield code='r'>22318429410003811</subfield><subfield code='b'>0</subfield><subfield code='u'>HOLDSHELF</subfield><subfield code='h'>0</subfield><subfield code='g'>p_remote</subfield><subfield code='t'>BOOK</subfield><subfield code='9'>39074009904616</subfield><subfield code='e'>p_remote</subfield><subfield code='8'>23318429370003811</subfield><subfield code='c'>v.1</subfield><subfield code='a'>0</subfield><subfield code='q'>2017-06-20 12:28:23</subfield><subfield code='i'>Z250.A2U6 1937</subfield><subfield code='d'>KARDON</subfield><subfield code='f'>KARDON</subfield></datafield><datafield ind1=' ' ind2=' ' tag='ITM'><subfield code='r'>22318429450003811</subfield><subfield code='b'>1</subfield><subfield code='h'>0</subfield><subfield code='g'>rarestacks</subfield><subfield code='t'>BOOK</subfield><subfield code='9'>39074010165819</subfield><subfield code='e'>rarestacks</subfield><subfield code='k'>Z250.A2U6 1951 Ellis</subfield><subfield code='8'>23318429430003811</subfield><subfield code='c'>v.1</subfield><subfield code='a'>4</subfield><subfield code='q'>2017-06-20 12:28:23</subfield><subfield code='i'>Z250.A2U6 1937</subfield><subfield code='d'>SCRC</subfield><subfield code='f'>SCRC</subfield></datafield><datafield ind1=' ' ind2=' ' tag='ITM'><subfield code='r'>22318429450003811</subfield><subfield code='b'>1</subfield><subfield code='h'>0</subfield><subfield code='g'>rarestacks</subfield><subfield code='t'>BOOK</subfield><subfield code='e'>rarestacks</subfield><subfield code='8'>23318429440003811</subfield><subfield code='c'>v.1</subfield><subfield code='a'>4</subfield><subfield code='q'>2017-06-20 12:28:23</subfield><subfield code='i'>Z250.A2U6 1937</subfield><subfield code='d'>SCRC</subfield><subfield code='f'>SCRC</subfield></datafield><datafield ind1=' ' ind2=' ' tag='ITM'><subfield code='r'>22318429450003811</subfield><subfield code='b'>1</subfield><subfield code='h'>0</subfield><subfield code='g'>rarestacks</subfield><subfield code='t'>BOOK</subfield><subfield code='9'>39074029778354</subfield><subfield code='e'>rarestacks</subfield><subfield code='k'>Z250.A2U6 1951 Ellis</subfield><subfield code='8'>23318429420003811</subfield><subfield code='c'>v.2</subfield><subfield code='a'>4</subfield><subfield code='q'>2017-06-20 12:28:23</subfield><subfield code='i'>Z250.A2U6 1937</subfield><subfield code='d'>SCRC</subfield><subfield code='f'>SCRC</subfield></datafield></record>